@inproceedings{yao2009interval,  title={Interval set cluster analysis: a re-formulation},  author={Yao, Yiyu and Lingras, Pawan and Wang, Ruizhi and Miao, Duoqian},  booktitle={International Workshop on Rough Sets, Fuzzy Sets, Data Mining, and Granular-Soft Computing},  pages={398--405},  year={2009},  organization={Springer}}@inproceedings{yu2014three,  title={A three-way decisions clustering algorithm for incomplete data},  author={Yu, Hong and Su, Ting and Zeng, Xianhua},  booktitle={International Conference on Rough Sets and Knowledge Technology},  pages={765--776},  year={2014},  organization={Springer}}@article{yu2016tree,  title={A tree-based incremental overlapping clustering method using the three-way decision theory},  author={Yu, Hong and Zhang, Cong and Wang, Guoyin},  journal={Knowledge-Based Systems},  volume={91},  pages={189--203},  year={2016},  publisher={Elsevier}}@article{janusz2014rough,  title={Rough set methods for attribute clustering and selection},  author={Janusz, Andrzej and {\'S}lezak, Dominik},  journal={Applied Artificial Intelligence},  volume={28},  number={3},  pages={220--242},  year={2014},  publisher={Taylor \& Francis}}@inproceedings{slezak2007rough,  title={Rough sets and few-objects-many-attributes problem: The case study of analysis of gene expression data sets},  author={Slezak, Dominik},  booktitle={Frontiers in the Convergence of Bioscience and Information Technologies, 2007. FBIT 2007},  pages={437--442},  year={2007},  organization={IEEE}}@article{janusz2014rough,  title={Rough set methods for attribute clustering and selection},  author={Janusz, Andrzej and {\'S}lezak, Dominik},  journal={Applied Artificial Intelligence},  volume={28},  number={3},  pages={220--242},  year={2014},  publisher={Taylor \& Francis}}@article{slkezak2013two,  title={Two database related interpretations of rough approximations: data organization and query execution},  author={{\'S}l{\k{e}}zak, Dominik and Synak, Piotr and Wojna, Arkadiusz and Wr{\'o}blewski, Jakub},  journal={Fundamenta Informaticae},  volume={127},  number={1-4},  pages={445--459},  year={2013},  publisher={IOS Press}}@inproceedings{slkezak2009intelligent,  title={Intelligent Data Granulation on Load: Improving Infobright’s Knowledge Grid},  author={{\'S}l{\k{e}}zak, Dominik and Kowalski, Marcin},  booktitle={International Conference on Future Generation Information Technology},  pages={12--25},  year={2009},  organization={Springer}}@inproceedings{Fred2001,  author        = "A. Fred",  title         = "Finding consistent clusters in data partitions",  booktitle     = "Multiple Classifier Systems",  address       = "Cambridge, UK",  pages         = "309-318",  month         = "July",  year          = "2001"}@article{zhang2011use,  title={Use of Stability and Seasonality Analysis for Optimal Inventory Prediction Models},  author={Zhang, Peng and Joshi, Manish and Lingras, Pawan},  journal={Journal of Intelligent Systems},  volume={20},  number={2},  pages={147--166},  year={2011}}@inproceedings{Ammar2013decremental,  title={Decremental Possibilistic K-Modes.},  author={Ammar, Asma and Elouedi, Zied and Lingras, Pawan},  booktitle={SCAI},  pages={15--24},  year={2013}}@article{Silva2013data,  title={Data stream clustering: A survey},  author={Silva, Jonathan A and Faria, Elaine R and Barros, Rodrigo C and Hruschka, Eduardo R and de Carvalho, Andr{\'e} CPLF and Gama, Jo{\~a}o},  journal={ACM Computing Surveys (CSUR)},  volume={46},  number={1},  pages={13},  year={2013},  publisher={ACM}}@inproceedings{AmmarEtAl2013incremental,  title={Incremental rough possibilistic k-modes},  author={Ammar, Asma and Elouedi, Zied and Lingras, Pawan},  booktitle={International Workshop on Multi-disciplinary Trends in Artificial Intelligence},  pages={13--24},  year={2013},  organization={Springer}}@article{PetersEtAl2012,  title={Dynamic rough clustering and its applications},  author={Peters, Georg and Weber, Richard and Nowatzke, Ren{\'e}},  journal={Applied Soft Computing},  volume={12},  number={10},  pages={3193--3207},  year={2012},  publisher={Elsevier}}@article{Alexander2002,  author        = "A. Strehl and J. Ghosh ",  title         = "Cluster ensembles - a knowledge reuse framework for combining multiple partitions",  journal       = "The Journal of Machine Learning Research",  volume        = "3",  pages         = "583-617",  year          = "2003"}@article{Gionis2007,  author        = "A. Gionis and H. Mannila and P. Tsaparas",  title         = "Clustering aggregation",  journal       = "ACM Trans. Knowledge Discovery from Data",  volume        = "1",  number        = "1",  pages         = "4",  year          = "2007"}@article{LingrasTriff2015,  title={Fuzzy and Crisp Recursive Profiling of Online Reviewers and Businesses},  author={Lingras, Pawan and Triff, Matt},  journal={IEEE Transactions on Fuzzy Systems},  volume={23},  number={4},  pages={1242--1258},  year={2015},  publisher={IEEE}}@article{BlackScholes1973,	author={Fischer Black and Myron Scholes},	year={1973},	title={The pricing of options and corporate liabilities},	journal={The journal of political economy},	pages={637-654}}@article{Dunn1973,  title={A fuzzy relative of the ISODATA process and its use in detecting compact well-separated clusters},  author={Dunn, Joseph C},  year={1973},  publisher={Taylor \& Francis}}@book{Ref:69,	author={James C. Bezdek},	year={1981},	title={Pattern recognition with fuzzy objective function algorithms},	publisher={Kluwer Academic Publishers}}@article{HartiganWong1979,	author={J. A. Hartigan and M. A. Wong},	year={1979},	title={Algorithm AS 136: A K-Means Clustering Algorithm},	journal={Journal of the Royal Statistical Society.Series C (Applied Statistics)},	volume={28},	number={1},	pages={100-108},	isbn={00359254},	language={English},	url={http://www.jstor.org/stable/2346830}}@article{Ref:73,	author={Zdzisław Pawlak},	year={1982},	title={Rough sets},	journal={International Journal of Computer and Information Sciences},	volume={11},	number={5},	pages={341-356}}@article{Ref:84,	author={Sandro Vega-Pons and Jos\'e Ruiz-Shulcloper},	year={2011},	title={A survey of clustering ensemble algorithms},	journal={International Journal of Pattern Recognition and Artificial Intelligence},	volume={25},	number={03},	pages={337-372}}@article{Ref:86,	author={Alexander Strehl and Joydeep Ghosh},	year={2003},	title={Cluster ensembles---a knowledge reuse framework for combining multiple partitions},	journal={The Journal of Machine Learning Research},	volume={03},	pages={583-617}}@article{Ref:88,	author={Can Gao and Witold Pedrycz and Duoqian Miao},	year={2013},	title={Rough subspace-based clustering ensemble for categorical data},	journal={Soft Computing},	pages={1-16}}@article{Ref:92,	author={Joydeep Ghosh and Ayan Acharya},	year={2011},	title={Cluster ensembles},	journal={Wiley Interdisciplinary Reviews: Data Mining and Knowledge Discovery},	volume={1},	number={4},	pages={305-315}}@article{Lingras2013,	author={Pawan Lingras and Ahmed Elagamy and Asma Ammar and Zied Elouedi},	year={2013},	title={Iterative meta-clustering through granular hierarchy of supermarket customers and products},	journal={Information Sciences}}@inproceedings{LingrasRathinavel2012,	author={Pawan Lingras and Kishore Rathinavel},	year={2012},	title={Recursive meta-clustering in a granular network},	booktitle={Intelligent Systems Design and Applications (ISDA), 2012 12th International Conference on},	publisher={IEEE},	pages={770-775}}@article{Ref:93,  title={Cluster ensemble selection},  author={Fern, Xiaoli Z and Lin, Wei},  journal={Statistical Analysis and Data Mining},  volume={1},  number={3},  pages={128--141},  year={2008},  publisher={Wiley Online Library}}@article{Ref:94,  title={Fuuzy sets and information granularity},  author={Zadeh, LA},  journal={Advances in Fuzzy Set Theory and Applications},  volume={18},  year={1979},  publisher={M, Gupta, R. Ragade and R. Yager eds. North-Holland, Amsterdam Publishing Co}}@article{Ref:95,  title={Toward a theory of fuzzy information granulation and its centrality in human reasoning and fuzzy logic},  author={Zadeh, Lotfi A},  journal={Fuzzy sets and systems},  volume={90},  number={2},  pages={111--127},  year={1997},  publisher={Elsevier}}@article{Ref:96,  title={Human-inspired granular computing},  author={Yao, YY},  journal={Novel developments in granular computing: applications for advanced human reasoning and soft computation},  pages={1--15},  year={2010},  publisher={IGI Global Snippet}}@book{Ref:97,  title={Granular computing: an introduction},  author={Bargiela, Andrzej and Pedrycz, Witold},  year={2003},  publisher={Springer}}@book{Ref:98,  title={Handbook of granular computing},  author={Pedrycz, Witold and Skowron, Andrzej and Kreinovich, Vladik},  year={2008},  publisher={John Wiley \& Sons}}@inproceedings{Ref:99,  title={A ten-year review of granular computing},  author={Yao, JingTao},  booktitle={Granular Computing, 2007. GRC 2007. IEEE International Conference on},  pages={734--734},  year={2007},  organization={IEEE}}@article{Ref:100,  title={Granular computing: past, present, and future},  author={Yao, Yiyu},  journal={Lecture Notes in Computer Science},  volume={5009},  pages={27--28},  year={2008},  publisher={Berlin: Springer-Verlag, 1973-}}@inproceedings{Ref:101,  title={Robust fuzzy clustering methods to support web mining},  author={Joshi, Anupam and Krishnapuram, Raghu},  booktitle={Proc. Workshop in Data Mining and knowledge Discovery, SIGMOD},  pages={15--1},  year={1998},  organization={Citeseer}}@article{Ref:102,  title={Rough classification},  author={Pawlak, Zdzis{\l}aw},  journal={International Journal of Man-Machine Studies},  volume={20},  number={5},  pages={469--483},  year={1984},  publisher={Elsevier}}@article{Lingras2001,  title={Unsupervised rough set classification using GAs},  author={Lingras, Pawan},  journal={Journal of Intelligent Information Systems},  volume={16},  number={3},  pages={215--228},  year={2001},  publisher={Springer}}@article{LingrasWest2004,  title={Interval set clustering of web users with rough k-means},  author={Lingras, Pawan and West, Chad},  journal={Journal of Intelligent Information Systems},  volume={23},  number={1},  pages={5--16},  year={2004},  publisher={Springer}}@article{Ref:105,  title={Interval set clustering of web users using modified Kohonen self-organizing maps based on the properties of rough sets},  author={Lingras, Pawan and Hogo, Mofreh and Snorek, Miroslav},  journal={Web Intelligence and Agent Systems},  volume={2},  number={3},  pages={217--225},  year={2004},  publisher={IOS Press}}@inproceedings{Ref:106,  title={Rough sets: A new approach to vagueness},  author={Pawlak, Zdzislaw},  booktitle={Fuzzy logic for the management of uncertainty},  pages={105--118},  year={1992},  organization={John Wiley \& Sons Inc.}}@inproceedings{Ref:107,  title={Representation and classification of rough set models},  author={Yao, YY and Li, X and Lin, TY and Liu, Q},  booktitle={Proceeding of Third International Workshop on Rough Sets and Soft Computing},  pages={630--637},  year={1994}}@article{Ref:108,  title={Rough mereology: A new paradigm for approximate reasoning},  author={Polkowski, Lech and Skowron, Andrzej},  journal={International Journal of Approximate Reasoning},  volume={15},  number={4},  pages={333--365},  year={1996},  publisher={Elsevier}}@article{LingrasHaiderTriff2016,  title={Granular meta-clustering based on hierarchical, network, and temporal connections},  author={Lingras, Pawan and Haider, Farhana and Triff, Matt},  journal={Granular Computing},  volume={1},  number={1},  pages={71--92},  year={2016},  publisher={Springer}}@article{Eagle2010,	__markedentry = "[root:6]",	author = "Eagle, N.",	owner = "root",	url = "http://eprom.mit.edu/data/RealityMining\\_ReadMe.pdf",	timestamp = "2012.11.16",	title = "{The Reality Mining Data}",	year = "2010"}@incollection{Ref:109,  title={Information granules in distributed environment},  author={Skowron, Andrzej and Stepaniuk, Jaroslaw},  booktitle={New Directions in Rough Sets, Data Mining, and Granular-Soft Computing},  pages={357--365},  year={1999},  publisher={Springer}}@article{Ref:110,  title={A cluster separation measure},  author={Davies, David L and Bouldin, Donald W},  journal={Pattern Analysis and Machine Intelligence, IEEE Transactions on},  number={2},  pages={224--227},  year={1979},  publisher={IEEE}}@article{Mitra2004,  title={An evolutionary rough partitive clustering},  author={Mitra, Sushmita},  journal={Pattern Recognition Letters},  volume={25},  number={12},  pages={1439--1449},  year={2004},  publisher={Elsevier}}@article{SharmaWerner,title = {Improved method of grouping provincewide permanent traffic counters},author={Sharma, Satish Chandra and Werner, Al},year={1981},journal={Transportation Research Record},volume={815},pages={13--18}}@incollection{JoshiLingras2009,  title={Evolutionary and iterative crisp and rough clustering ii: Experiments},  author={Joshi, Manish and Lingras, Pawan},  booktitle={Pattern Recognition and Machine Intelligence},  pages={621--627},  year={2009},  publisher={Springer}}@article{PetersEtAl2013,  title={Soft clustering--fuzzy and rough approaches and their extensions and derivatives},  author={Peters, Georg and Crespo, Fernando and Lingras, Pawan and Weber, Richard},  journal={International Journal of Approximate Reasoning},  volume={54},  number={2},  pages={307--322},  year={2013},  publisher={Elsevier}}@article{Peters2006,  title={Some refinements of rough k-means clustering},  author={Peters, Georg},  journal={Pattern Recognition},  volume={39},  number={8},  pages={1481--1491},  year={2006},  publisher={Elsevier}}@article{LingrasHaider2015,  title={Rough Ensemble Clustering},  author={Lingras, Pawan and Haider, Farhana},  journal={Intelligent Data Analysis, Special Issue on Business Analytics in Finance and Industry},  year={2014},}@article{yao2009financial,  title={Financial time-series analysis with rough sets},  author={Yao, JingTao and Herbert, Joseph P},  journal={Applied Soft Computing},  volume={9},  number={3},  pages={1000--1007},  year={2009},  publisher={Elsevier}}@INPROCEEDINGS{jia2008Stock,author={Zhengyuan Jia and Jia Han},booktitle={Computational Intelligence and Industrial Application, 2008. PACIIA '08. Pacific-Asia Workshop on},title={An Improved Model of Executive Stock Option Based on Rough Set and Support Vector Machines},year={2008},month={Dec},volume={1},pages={256-261},keywords={pricing;rough set theory;share prices;support vector machines;executive stock option;rough set;share price;stock price;support vector machines;Computational intelligence;Computer industry;Conferences;Decision making;Energy management;Large-scale systems;Neural networks;Share prices;Support vector machine classification;Support vector machines;Executive Stock Option;Rough set;SVM},doi={10.1109/PACIIA.2008.160},}@article{nair2010decision,  title={A decision tree—rough set hybrid system for stock market trend prediction},  author={Nair, Binoy B and Mohandas, VP and Sakthivel, NR},  journal={International Journal of Computer Applications},  volume={6},  number={9},  pages={1--6},  year={2010},  publisher={International Journal of Computer Applications, 244 5 th Avenue,\# 1526, New York, NY 10001, USA India}}